@inproceedings{petrillo2010agility,
 author = {Petrillo, Fabio and Pimenta, Marcelo},
 title = {Is Agility out There?: Agile Practices in Game Development},
 booktitle = {Proceedings of the 28th ACM International Conference on Design of Communication},
 series = {SIGDOC '10},
 year = {2010},
 isbn = {978-1-4503-0403-0},
 location = {S\ão Carlos, S\ão Paulo, Brazil},
 pages = {9--15},
 numpages = {7},
 url = {http://doi.acm.org.ezproxy.falmouth.ac.uk/10.1145/1878450.1878453},
 doi = {10.1145/1878450.1878453},
 acmid = {1878453},
 publisher = {ACM},
 address = {New York, NY, USA},
}
@inproceedings{koivisto2007using,
  title={Using prototypes in early pervasive game development},
  author={Koivisto, Elina MI and Suomela, Riku},
  booktitle={Proceedings of the 2007 ACM SIGGRAPH symposium on Video games},
  pages={149--156},
  year={2007},
  organization={ACM}
}
@inproceedings{al2014towards,
  title={Towards agent-based agile approach for game development methodology},
  author={Al-Azawi, Rula and Ayesh, Aladdin and Obaidy, Mohaned Al},
  booktitle={Computer Applications and Information Systems (WCCAIS), 2014 World Congress on},
  pages={1--6},
  year={2014},
  month={Feb},
  organization={IEEE}
}
@inproceedings{popli2014prioritising,
author={R. Popli and N. Chauhan and H. Sharma}, 
booktitle={2014 International Conference on Issues and Challenges in Intelligent Computing Techniques (ICICT)}, 
title={Prioritising user stories in agile environment}, 
year={2014}, 
pages={515-519}, 
doi={10.1109/ICICICT.2014.6781336}, 
month={Feb},}
}
@inproceedings{chauhan2015reduce,
  title={How to reduce user story reopen count in Scrum development?},
  author={Chauhan, Vinod Kumar},
  booktitle={Computing for Sustainable Global Development (INDIACom), 2015 2nd International Conference on},
  pages={2204--2208},
  year={2015},
  organization={IEEE}
}
@inproceedings{lucassen2015forging,
  title={Forging high-quality user stories: towards a discipline for agile requirements},
  author={Lucassen, Garm and Dalpiaz, Fabiano and van der Werf, Jan Martijn EM and Brinkkemper, Sjaak},
  booktitle={2015 IEEE 23rd international requirements engineering conference (RE)},
  pages={126--135},
  year={2015},
  organization={IEEE}
}
@misc{agilehard,
    title={Agile Game Development is Hard},
    author={{Rob Galanakis}},
    howpublished={[Online]. Available: http://www.gamasutra.com/blogs/RobGalanakis/20140219/211185/Agile_Game_Development_is_Hard.php},
    note={[Accessed: 21-Nov-2016]}
}
@misc{agilemanifesto,
    title={Principles behind the Agile Manifesto},
    author={{Kent Beck, Mike Beedle, Arie van Bennekum, Alistair Cockburn, Ward Cunningham, Martin Fowler, James Grenning, Jim Highsmith, Andrew Hunt, Ron Jeffries, Jon Kern, Brian Marick, Robert C. Martin, Steve Mellor,  Ken Schwaber, Jeff Sutherland, Dave Thomas}},
    howpublished={[Online]. Available: http://agilemanifesto.org/},
    note={[Accessed: 21-Nov-2016]}
}
@misc{featurecreep,
    title={Killing Feature Creep Without Ever Saying No},
    author={{Scott Crabtree}},
    howpublished={[Online]. Available: http://tinyurl.com/jzbzoev},
    note={[Accessed: 24-Nov-2016]}
}